@article{chekanov02a,
    author  = "Yuri Chekanov",
    title   = "Differential algebra of Legendrian links",
    year    = "2002",
    journal = "Invent. Math",
    volume  = "150",
    pages   = "441-483"
}
@article{chekanov02,
    author = {Chekanov, Yuri},
    year = {2002},
    month = {12},
    pages = {441-483},
    title = {Differential algebra of Legendrian links},
    volume = {150},
    journal = {Invent. Maths},
    doi = {10.1007/s002220200212}
}
@misc{chekanov97,
    title={Differential algebras of Legendrian links},
    author={Yuri Chekanov},
    year={1997},
    eprint={math/9709233},
    archivePrefix={arXiv},
    primaryClass={math.GT}
}
@misc{etnyre2003legendrian,
    title={Legendrian and Transversal Knots},
    author={John B. Etnyre},
    year={2003},
    eprint={math/0306256},
    archivePrefix={arXiv},
    primaryClass={math.SG}
}
@Article{Eliashberg1989,
    author={Eliashberg, Y.},
    title={Classification of overtwisted contact structures on 3-manifolds},
    journal={Inventiones mathematicae},
    year={1989},
    month={Oct},
    day={01},
    volume={98},
    number={3},
    pages={623--637},
    issn={1432-1297},
    doi={10.1007/BF01393840},
    url={https://doi.org/10.1007/BF01393840}
}

﻿﻿